@misc{quantified:self,
  howpublished = "\url{http://quantifiedself.com/}"
}

@misc{ittt,
  howpublished = "\url{http://ifttt.com/}"
}

@misc{android:locale,
  howpublished = "\url{http://www.twofortyfouram.com/}"
}

@misc{funf,
  howpublished = "\url{http://funf.media.mit.edu/}"
}

@misc{onx,
  howpublished = "\url{https://www.onx.ms/}"
}

@inproceedings{fahy2004cass,
  title={CASS--a middleware for mobile context-aware applications},
  author={Fahy, P. and Clarke, S.},
  booktitle={Workshop on Context Awareness, MobiSys},
  year={2004},
  organization={Citeseer}
}

@article{lee2012mobicon,
  title={MobiCon: a mobile context-monitoring platform},
  author={Lee, Y. and Iyengar, SS and Min, C. and Ju, Y. and Kang, S. and Park, T. and Lee, J. and Rhee, Y. and Song, J.},
  journal={Communications of the ACM},
  volume={55},
  number={3},
  pages={54--65},
  year={2012},
  publisher={ACM}
}

@article{mccallmacro,
 title={Macro-class selection for hierarchical k-nn classification of inertial sensor data},
 author={McCall, C. and Reddy, K. and Shah, M.},
 booktitle={Second International Conference on Pervasive and Embedded Computing and Communication Systems, PECCS 2012}
}

